@article{elbilali2018smart,
  author    = {El Bilali, Hamid and Allahyari, Mohammad S.},
  title     = {The role of smart farming in sustainable development},
  journal   = {Advances in Agricultural Technology \& Plant Sciences},
  volume    = {1},
  number    = {1},
  pages     = {1--5},
  year      = {2018},
  url       = {https://www.researchgate.net/publication/353413341}
}

@article{wolfert2017big,
  author    = {Wolfert, Sjaak and Ge, Lan and Verdouw, Cor and Bogaardt, Marc-Jan},
  title     = {Big Data in Smart Farming -- A review},
  journal   = {Agricultural Systems},
  volume    = {153},
  pages     = {69--80},
  year      = {2017},
  doi       = {10.1016/j.agsy.2017.01.023}
}
@inproceedings{bonomi2012fog,
  author    = {Flavio Bonomi and Rodolfo Milito and Jiang Zhu and Sateesh Addepalli},
  title     = {Fog Computing and Its Role in the Internet of Things},
  booktitle = {Proceedings of the First Edition of the MCC Workshop on Mobile Cloud Computing},
  pages     = {13--16},
  year      = {2012},
  address   = {Helsinki, Finland},
  publisher = {ACM},
  url       = {https://dl.acm.org/doi/10.1145/2342509.2342513}
}

@article{ali2020edge,
  author    = {Ali, Salman and Haseeb, Khalid and Almogren, Ahmad and Tolba, Amr and Rodrigues, Joel J. P. C. and Korotaev, Vasily},
  title     = {Edge Computing in Agriculture: A Review},
  journal   = {IEEE Access},
  volume    = {8},
  pages     = {140570--140584},
  year      = {2020},
  doi       = {10.1109/ACCESS.2020.3014142}
}

@article{ray2020security,
  author = {Ray, P. P. and colleagues},
  title = {Security Challenges in Agricultural IoT Systems},
  journal = {Journal of Network and Computer Applications},
  year = {2020},
  volume = {169},
  pages = {102769},
  doi = {10.1016/j.jnca.2020.102769}
}

@article{chen2021end,
  author = {Chen, X. and others},
  title = {End-to-End Secure IoT Communication for Smart Farming},
  journal = {IEEE Internet of Things Journal},
  year = {2021},
  volume = {8},
  number = {7},
  pages = {5633-5645},
  doi = {10.1109/JIOT.2021.3055790}
}
