@ARTICLE{10246944,
  author={Khanna, Esha and Popli, Rashmi and Chauhan, Naresh},
  journal={Journal of Web Engineering}, 
  title={Identification and Classification of Risk Factors in Distributed Agile Software Development}, 
  year={2022},
  volume={21},
  number={6},
  pages={1831-1851},
  keywords={Costs;Uncertainty;Agile software development;Project management;Software;Encoding;Risk management;Risk management;distributed agile software development;agile software developments;distributed software development},
  doi={10.13052/jwe1540-9589.2164}}
